
@BOOK{book,
  editor="Steven R. Norsworthy and Richard Schreier and Gabor C. Temes",
  title="Delta-Sigma Data Converters",
  publisher="{IEEE} Press",
  year=1997
}

@ARTICLE{paper,
author ="James C. Candy",
title  ="Decimation for Sigma Delta Modulation",
journal="{IEEE} Trans.\ on Communications",
volume =34,
number =1,
pages  ="72--76",
month  =jan,
year   =1986,
}


@INPROCEEDINGS{confpaper,
  author =       "Wai L. Lee and Charles G. Sodini",
  title =        "A Topology for Higher Order Interpolative Coders",
  booktitle =    "Proc.\ of the IEEE International Symposium on Circuits and Systems",
  year =         1987,
  vol =          2,
  month =        may # "~4--7",
  address =      "Philadelphia, PA, USA",
  pages =        "459--462"
}

@PHDTHESIS{thesis,
  author =   "Peter Kiss",
  title =    "Adaptive Digital Compensation of Analog Circuit Imperfections for Cascaded Delta-Sigma Analog-to-Digital Converters",
  school =   "Technical University of Timi\c{s}oara, Romania",
  month =    apr,
  year =     2000
}


@MANUAL{manual,
author = "Richard Schreier",
title  = "The Delta-Sigma Toolbox v5.2",
organization = "Oregon State University",
year   = 2000,
month  = jan,
note   ="\newline URL: http://www.mathworks.com/matlabcentral/fileexchange/"
}
